@online{site:PCD,
    title   = {The PCD file format},
    url     = {http://pointclouds.org/documentation/tutorials/pcd_file_format.php/pcd-file-format}
}

@online{site:PCD-read,
    title   = {Reading Point Cloud data from PCD files},
    url     = {http://pointclouds.org/documentation/tutorials/reading_pcd.php/reading-pcd}
}

@online{site:PCD-write,
    title   = {Writing Point Cloud data to PCD files},
    url     = {http://pointclouds.org/documentation/tutorials/writing_pcd.php/writing-pcd}
}

@online{site:passthrough,
    title   = {Filtering a PointCloud using a PassThrough filter},
    url     = {http://pointclouds.org/documentation/tutorials/passthrough.php/passthrough}
}

@online{site:voxel,
    title   = {Downsampling a PointCloud using a VoxelGrid filter},
    url     = {http://pointclouds.org/documentation/tutorials/voxel_grid.php/voxelgrid}
}

@online{site:outliers,
    title   = {Removing outliers using a StatisticalOutlierRemoval filter},
    url     = {http://pointclouds.org/documentation/tutorials/statistical_outlier.php/statistical-outlier-removal}
}

@online{site:segmentation,
    title   = {Plane model segmentation},    
    url     = {http://pointclouds.org/documentation/tutorials/planar_segmentation.php/planar-segmentation}
}

@online{site:cluster,
    title   = {Euclidean Cluster Extraction},
    url     = {http://pointclouds.org/documentation/tutorials/cluster_extraction.php/cluster-extraction}
}

@online{site:meshing,
    title   = {Fast triangulation of unordered point clouds},
    url     = {http://pointclouds.org/documentation/tutorials/greedy_projection.php/greedy-triangulation}
}

@online{site:bsplines,
    title   = {Fitting trimmed B-splines to unordered point clouds},
    url     = {http://pointclouds.org/documentation/tutorials/bspline_fitting.php/bspline-fitting}
}

@online{site:3d-viewer,
    title   = {3D viewer},
    url     = {https://play.google.com/store/apps/details?id=com.pcvirt.Viewer3D&hl=it}
}

@online{site:3d-viewer-os,
    title   = {3D Model Viewer Open Source},
    url     = {https://play.google.com/store/apps/details?id=org.andresoviedo.dddmodel&hl=it}
}

@online{site:apache,
    title   = {Apache HTTP},
    url     = {https://developer.android.com/reference/org/apache/http/package-summary.html}
}

@online{site:okhttp,
    title   = {OkHTTP},
    url     = {http://square.github.io/okhttp/}
}

@article{paper:volume,
	author	= {Cha Zhang and Tsuhan Chen},
	title	= {EFFICIENT FEATURE EXTRACTION FOR 2D/3D OBJECTS IN MESH REPRESENTATION},
	year	= {2001},
	url		= {http://research.microsoft.com/en-us/um/people/chazhang/publications/icip01_ChaZhang.pdf}
}
